{"last_update_id":2863691968,"time_stamp":1667556221954,"bids":[[0.017111,1.924],[0.01711,2.096],[0.017108,0.571],[0.017107,5.014],[0.017106,1.747],[0.017105,13.699],[0.017104,0.171],[0.017102,3.396],[0.017101,2.736],[0.0171,9.313],[0.017099,5.675],[0.017098,49.87],[0.017096,6.767],[0.017095,7.658],[0.017094,0.171],[0.017093,0.058],[0.017092,39.391],[0.017091,121.42],[0.01709,0.171],[0.017089,1.402]],"asks":[[0.017112,7.727],[0.017114,1.863],[0.017116,1.241],[0.017118,0.171],[0.017119,3.014],[0.01712,9.163],[0.017121,9.461],[0.017122,5.846],[0.017124,5.026],[0.017125,2.453],[0.017126,0.171],[0.017128,0.665],[0.01713,3.624],[0.017131,8.303],[0.017132,0.177],[0.017133,7.79],[0.017134,41.67],[0.017135,7.205],[0.017136,52.765],[0.017137,0.084]]}

{"last_update_id":2863691969,"time_stamp":1667556222055,"bids":[[0.017111,1.924],[0.01711,2.096],[0.017108,0.571],[0.017107,5.014],[0.017106,1.747],[0.017105,13.699],[0.017104,0.171],[0.017102,3.396],[0.017101,2.736],[0.0171,9.313],[0.017099,5.675],[0.017098,49.87],[0.017096,6.767],[0.017095,7.658],[0.017094,0.171],[0.017093,0.058],[0.017092,39.391],[0.017091,121.42],[0.01709,0.171],[0.017089,1.402]],"asks":[[0.017112,7.727],[0.017114,1.863],[0.017116,1.241],[0.017118,0.171],[0.017119,3.014],[0.01712,9.163],[0.017121,9.461],[0.017122,5.846],[0.017124,5.026],[0.017125,2.453],[0.017126,0.171],[0.017128,0.665],[0.01713,3.866],[0.017131,8.303],[0.017132,0.177],[0.017133,7.79],[0.017134,41.67],[0.017135,7.205],[0.017136,52.765],[0.017137,0.084]]}

{"last_update_id":2863691970,"time_stamp":1667556222878,"bids":[[0.017111,1.924],[0.01711,2.096],[0.017108,0.571],[0.017107,5.014],[0.017106,1.747],[0.017105,13.699],[0.017104,0.171],[0.017102,3.396],[0.017101,2.736],[0.0171,9.313],[0.017099,5.675],[0.017098,49.87],[0.017096,6.767],[0.017095,7.658],[0.017094,0.171],[0.017093,0.058],[0.017092,39.391],[0.017091,121.42],[0.01709,0.171],[0.017089,1.402]],"asks":[[0.017112,7.727],[0.017114,1.863],[0.017116,1.241],[0.017118,0.171],[0.017119,3.014],[0.01712,9.163],[0.017121,9.461],[0.017122,5.846],[0.017124,5.026],[0.017125,2.453],[0.017126,0.171],[0.017128,0.665],[0.01713,3.866],[0.017131,8.303],[0.017132,0.177],[0.017133,7.79],[0.017134,41.67],[0.017135,7.205],[0.017136,52.765],[0.017137,0.084]]}

{"last_update_id":2863691971,"time_stamp":1667556222979,"bids":[[0.017111,1.924],[0.01711,2.096],[0.017108,0.571],[0.017107,5.014],[0.017106,1.747],[0.017105,13.699],[0.017104,0.171],[0.017102,3.396],[0.017101,2.736],[0.0171,9.313],[0.017099,5.675],[0.017098,49.87],[0.017096,6.767],[0.017095,7.658],[0.017094,0.171],[0.017093,0.058],[0.017092,39.391],[0.017091,121.42],[0.01709,0.171],[0.017089,1.402]],"asks":[[0.017112,7.727],[0.017114,1.863],[0.017116,1.241],[0.017118,0.171],[0.017119,3.014],[0.01712,9.163],[0.017121,9.461],[0.017122,5.846],[0.017124,5.026],[0.017125,2.453],[0.017126,0.171],[0.017128,0.665],[0.01713,3.866],[0.017131,8.303],[0.017132,0.177],[0.017133,7.79],[0.017134,41.67],[0.017135,7.205],[0.017136,52.765],[0.017137,0.084]]}

{"last_update_id":2863691972,"time_stamp":1667556223673,"bids":[[0.017111,1.924],[0.01711,0.171],[0.017108,0.571],[0.017107,5.014],[0.017106,1.747],[0.017105,13.699],[0.017104,0.171],[0.017102,3.396],[0.017101,2.736],[0.0171,9.313],[0.017099,5.675],[0.017098,49.87],[0.017096,6.767],[0.017095,7.658],[0.017094,0.171],[0.017093,0.058],[0.017092,39.391],[0.017091,121.42],[0.01709,0.171],[0.017089,1.402]],"asks":[[0.017112,7.727],[0.017114,1.863],[0.017116,1.241],[0.017118,0.171],[0.017119,3.014],[0.01712,9.163],[0.017121,9.461],[0.017122,5.846],[0.017124,5.026],[0.017125,2.453],[0.017126,0.171],[0.017128,0.665],[0.01713,3.866],[0.017131,8.303],[0.017132,0.177],[0.017133,7.79],[0.017134,41.67],[0.017135,7.205],[0.017136,52.765],[0.017137,0.084]]}

{"last_update_id":2863691974,"time_stamp":1667556223773,"bids":[[0.017111,1.924],[0.01711,0.171],[0.017108,0.571],[0.017107,5.014],[0.017106,1.747],[0.017105,13.699],[0.017104,0.171],[0.017102,3.396],[0.017101,2.736],[0.0171,9.313],[0.017099,5.675],[0.017098,49.87],[0.017096,6.767],[0.017095,7.658],[0.017094,0.171],[0.017093,0.058],[0.017092,39.391],[0.017091,121.42],[0.01709,0.171],[0.017089,1.402]],"asks":[[0.017112,7.727],[0.017114,1.863],[0.017116,1.241],[0.017118,0.171],[0.017119,3.014],[0.01712,9.163],[0.017121,9.461],[0.017122,5.846],[0.017124,5.026],[0.017125,2.453],[0.017126,0.171],[0.017128,0.665],[0.01713,3.866],[0.017131,8.303],[0.017132,0.177],[0.017133,7.79],[0.017134,41.67],[0.017135,7.205],[0.017136,52.765],[0.017137,0.084]]}

{"last_update_id":2863691975,"time_stamp":1667556224074,"bids":[[0.017111,1.924],[0.01711,0.171],[0.017108,0.571],[0.017107,5.014],[0.017106,1.747],[0.017105,13.699],[0.017104,0.171],[0.017102,3.396],[0.017101,2.736],[0.0171,9.313],[0.017099,5.675],[0.017098,49.87],[0.017096,6.767],[0.017095,7.658],[0.017094,0.171],[0.017093,0.058],[0.017092,39.391],[0.017091,121.42],[0.01709,0.171],[0.017089,1.402]],"asks":[[0.017112,7.727],[0.017114,1.863],[0.017116,1.241],[0.017118,0.171],[0.017119,3.014],[0.01712,9.163],[0.017121,9.461],[0.017122,5.846],[0.017124,5.026],[0.017125,2.453],[0.017126,0.171],[0.017128,0.665],[0.01713,3.866],[0.017131,8.303],[0.017132,0.177],[0.017133,7.79],[0.017134,41.67],[0.017135,7.205],[0.017136,52.765],[0.017137,0.084]]}

{"last_update_id":2863691977,"time_stamp":1667556224175,"bids":[[0.017111,1.924],[0.01711,0.171],[0.017108,0.571],[0.017107,5.014],[0.017106,1.747],[0.017105,13.699],[0.017104,0.171],[0.017102,3.396],[0.017101,2.736],[0.0171,9.313],[0.017099,5.675],[0.017098,49.87],[0.017096,6.767],[0.017095,7.658],[0.017094,0.171],[0.017093,0.058],[0.017092,39.391],[0.017091,121.42],[0.01709,0.171],[0.017089,1.402]],"asks":[[0.017112,7.727],[0.017114,1.863],[0.017116,1.241],[0.017118,0.171],[0.017119,3.014],[0.01712,9.163],[0.017121,9.461],[0.017122,5.846],[0.017124,5.026],[0.017125,2.453],[0.017126,0.171],[0.017128,0.665],[0.01713,3.866],[0.017131,8.303],[0.017132,0.177],[0.017133,7.79],[0.017134,41.67],[0.017135,7.205],[0.017136,52.765],[0.017137,0.084]]}

{"last_update_id":2863691979,"time_stamp":1667556224275,"bids":[[0.017111,1.924],[0.01711,0.171],[0.017108,2.534],[0.017107,0.413],[0.017106,1.747],[0.017105,13.699],[0.017104,0.171],[0.017102,3.396],[0.017101,2.736],[0.0171,9.313],[0.017099,5.675],[0.017098,49.87],[0.017096,6.767],[0.017095,7.658],[0.017094,0.171],[0.017093,0.058],[0.017092,39.391],[0.017091,121.42],[0.01709,0.171],[0.017089,1.402]],"asks":[[0.017112,7.727],[0.017114,1.863],[0.017116,1.241],[0.017118,0.171],[0.017119,3.014],[0.01712,9.163],[0.017121,9.461],[0.017122,5.846],[0.017124,5.026],[0.017125,2.453],[0.017126,0.171],[0.017128,0.665],[0.01713,3.866],[0.017131,8.303],[0.017132,0.177],[0.017133,7.79],[0.017134,41.67],[0.017135,7.205],[0.017136,52.765],[0.017137,0.084]]}

{"last_update_id":2863691981,"time_stamp":1667556224375,"bids":[[0.017111,1.924],[0.01711,0.171],[0.017108,2.534],[0.017107,0.413],[0.017106,1.747],[0.017105,13.699],[0.017104,0.171],[0.017102,3.396],[0.017101,7.337],[0.0171,9.313],[0.017099,5.675],[0.017098,49.87],[0.017097,0.252],[0.017096,6.767],[0.017095,7.658],[0.017094,0.171],[0.017093,0.058],[0.017092,39.391],[0.017091,121.42],[0.01709,0.171],[0.017089,1.402]],"asks":[[0.017112,7.727],[0.017114,1.863],[0.017116,1.241],[0.017118,0.171],[0.017119,3.014],[0.01712,9.163],[0.017121,9.461],[0.017122,5.846],[0.017124,5.026],[0.017125,2.453],[0.017126,0.171],[0.017128,0.665],[0.01713,3.866],[0.017131,8.303],[0.017132,0.177],[0.017133,7.79],[0.017134,41.67],[0.017135,7.205],[0.017136,52.765],[0.017137,0.084]]}

{"last_update_id":2863691982,"time_stamp":1667556225462,"bids":[[0.017111,1.924],[0.01711,0.171],[0.017108,2.534],[0.017107,0.413],[0.017106,1.747],[0.017105,13.699],[0.017104,0.171],[0.017102,3.396],[0.017101,7.337],[0.0171,9.313],[0.017099,5.675],[0.017098,49.87],[0.017097,0.252],[0.017096,6.767],[0.017095,7.658],[0.017094,0.171],[0.017093,0.058],[0.017092,39.391],[0.017091,121.42],[0.01709,0.171],[0.017089,1.402]],"asks":[[0.017112,7.727],[0.017114,1.863],[0.017116,1.241],[0.017118,0.171],[0.017119,3.014],[0.01712,9.163],[0.017121,9.461],[0.017122,5.846],[0.017124,5.026],[0.017125,2.453],[0.017126,0.171],[0.017128,0.665],[0.01713,3.866],[0.017131,8.303],[0.017132,0.177],[0.017133,7.79],[0.017134,41.67],[0.017135,7.205],[0.017136,52.765],[0.017137,0.084]]}

{"last_update_id":2863691983,"time_stamp":1667556225658,"bids":[[0.017111,1.924],[0.01711,0.171],[0.017108,2.534],[0.017107,0.413],[0.017106,1.747],[0.017105,13.699],[0.017104,0.171],[0.017102,3.396],[0.017101,7.337],[0.0171,9.313],[0.017099,5.675],[0.017098,49.87],[0.017097,0.252],[0.017096,6.767],[0.017095,7.658],[0.017094,0.171],[0.017093,0.058],[0.017092,39.391],[0.017091,121.42],[0.01709,0.171],[0.017089,1.402]],"asks":[[0.017112,9.146],[0.017114,1.863],[0.017116,1.241],[0.017118,0.171],[0.017119,3.014],[0.01712,9.163],[0.017121,9.461],[0.017122,5.846],[0.017124,5.026],[0.017125,2.453],[0.017126,0.171],[0.017128,0.665],[0.01713,3.866],[0.017131,8.303],[0.017132,0.177],[0.017133,7.79],[0.017134,41.67],[0.017135,7.205],[0.017136,52.765],[0.017137,0.084]]}

{"last_update_id":2863691984,"time_stamp":1667556225951,"bids":[[0.017111,1.924],[0.01711,0.171],[0.017108,2.534],[0.017107,0.413],[0.017106,1.747],[0.017105,12.639],[0.017104,0.171],[0.017102,3.396],[0.017101,7.337],[0.0171,9.313],[0.017099,5.675],[0.017098,49.87],[0.017097,0.252],[0.017096,6.767],[0.017095,7.658],[0.017094,0.171],[0.017093,0.058],[0.017092,39.391],[0.017091,121.42],[0.01709,0.171],[0.017089,1.402]],"asks":[[0.017112,9.146],[0.017114,1.863],[0.017116,1.241],[0.017118,0.171],[0.017119,3.014],[0.01712,9.163],[0.017121,9.461],[0.017122,5.846],[0.017124,5.026],[0.017125,2.453],[0.017126,0.171],[0.017128,0.665],[0.01713,3.866],[0.017131,8.303],[0.017132,0.177],[0.017133,7.79],[0.017134,41.67],[0.017135,7.205],[0.017136,52.765],[0.017137,0.084]]}

{"last_update_id":2863691989,"time_stamp":1667556226050,"bids":[[0.017111,1.924],[0.01711,0.171],[0.017108,2.534],[0.017107,0.413],[0.017106,1.747],[0.017105,12.639],[0.017104,0.171],[0.017103,1.06],[0.017102,3.396],[0.017101,7.337],[0.0171,9.313],[0.017099,5.675],[0.017098,49.87],[0.017097,0.252],[0.017096,6.767],[0.017095,7.658],[0.017094,0.171],[0.017093,0.058],[0.017092,39.391],[0.017091,121.42],[0.01709,0.171],[0.017089,1.402]],"asks":[[0.017112,9.146],[0.017114,2.923],[0.017116,0.171],[0.017118,0.171],[0.017119,3.014],[0.01712,9.163],[0.017121,9.461],[0.017122,5.846],[0.017124,5.026],[0.017125,2.453],[0.017126,0.171],[0.017128,0.665],[0.01713,4.926],[0.017131,8.303],[0.017132,0.177],[0.017133,7.79],[0.017134,41.67],[0.017135,7.205],[0.017136,52.765],[0.017137,0.084]]}

{"last_update_id":2863691990,"time_stamp":1667556226312,"bids":[[0.017111,1.924],[0.01711,0.171],[0.017108,2.534],[0.017107,0.413],[0.017106,1.747],[0.017105,12.639],[0.017104,0.171],[0.017103,1.06],[0.017102,3.396],[0.017101,7.337],[0.0171,9.313],[0.017099,5.675],[0.017098,49.87],[0.017097,0.252],[0.017096,6.767],[0.017095,7.658],[0.017094,0.171],[0.017093,0.058],[0.017092,39.391],[0.017091,121.42],[0.01709,0.171],[0.017089,1.402]],"asks":[[0.017112,9.146],[0.017114,2.923],[0.017116,0.171],[0.017118,0.171],[0.017119,3.014],[0.01712,9.163],[0.017121,9.461],[0.017122,5.846],[0.017124,5.026],[0.017125,2.453],[0.017126,0.171],[0.017128,0.665],[0.01713,4.926],[0.017131,8.303],[0.017132,0.177],[0.017133,7.79],[0.017134,41.67],[0.017135,7.205],[0.017136,52.765],[0.017137,0.084]]}

{"last_update_id":2863691991,"time_stamp":1667556226762,"bids":[[0.017111,1.924],[0.01711,0.171],[0.017108,2.534],[0.017107,0.413],[0.017106,1.747],[0.017105,12.639],[0.017104,0.171],[0.017103,1.06],[0.017102,3.396],[0.017101,7.337],[0.0171,9.313],[0.017099,5.675],[0.017098,49.87],[0.017097,0.252],[0.017096,6.767],[0.017095,7.658],[0.017094,0.171],[0.017093,0.058],[0.017092,39.391],[0.017091,121.42],[0.01709,0.171],[0.017089,1.402]],"asks":[[0.017112,9.146],[0.017114,2.923],[0.017116,0.171],[0.017118,0.171],[0.017119,3.014],[0.01712,9.163],[0.017121,9.461],[0.017122,5.846],[0.017124,5.026],[0.017125,2.453],[0.017126,0.171],[0.017128,0.665],[0.01713,4.926],[0.017131,8.303],[0.017132,0.177],[0.017133,7.79],[0.017134,41.67],[0.017135,7.205],[0.017136,52.765],[0.017137,0.084]]}

{"last_update_id":2863691994,"time_stamp":1667556226862,"bids":[[0.017111,1.924],[0.01711,0.171],[0.017108,2.534],[0.017107,0.413],[0.017106,1.747],[0.017105,12.639],[0.017104,0.171],[0.017103,1.06],[0.017102,3.396],[0.017101,7.337],[0.0171,9.313],[0.017099,5.675],[0.017098,49.87],[0.017097,0.252],[0.017096,6.767],[0.017095,7.658],[0.017094,0.171],[0.017093,0.058],[0.017092,39.391],[0.017091,121.42],[0.01709,0.171],[0.017089,1.402]],"asks":[[0.017112,9.146],[0.017114,2.923],[0.017116,0.171],[0.017118,0.171],[0.017119,3.014],[0.01712,9.163],[0.017121,9.461],[0.017122,5.846],[0.017124,5.026],[0.017125,2.453],[0.017126,0.171],[0.017128,0.665],[0.01713,4.926],[0.017131,8.303],[0.017132,0.177],[0.017133,7.79],[0.017134,41.67],[0.017135,7.205],[0.017136,52.765],[0.017137,0.084]]}

{"last_update_id":2863691995,"time_stamp":1667556227086,"bids":[[0.017111,1.924],[0.01711,0.171],[0.017108,2.534],[0.017107,0.413],[0.017106,1.747],[0.017105,12.639],[0.017104,0.171],[0.017103,1.06],[0.017102,3.396],[0.017101,7.337],[0.0171,9.313],[0.017099,5.675],[0.017098,49.87],[0.017097,0.252],[0.017096,6.767],[0.017095,7.658],[0.017094,0.171],[0.017093,0.058],[0.017092,39.391],[0.017091,121.42],[0.01709,0.171],[0.017089,1.402]],"asks":[[0.017112,9.146],[0.017114,2.923],[0.017116,0.171],[0.017118,0.171],[0.017119,3.014],[0.01712,9.163],[0.017121,9.461],[0.017122,5.846],[0.017124,5.026],[0.017125,2.453],[0.017126,0.171],[0.017128,0.665],[0.01713,4.926],[0.017131,8.303],[0.017132,0.177],[0.017133,7.79],[0.017134,41.67],[0.017135,7.205],[0.017136,52.765],[0.017137,0.084]]}

{"last_update_id":2863691996,"time_stamp":1667556227661,"bids":[[0.017111,1.924],[0.01711,0.171],[0.017108,2.534],[0.017107,0.413],[0.017106,1.747],[0.017105,12.639],[0.017104,0.171],[0.017103,1.06],[0.017102,3.396],[0.017101,7.337],[0.0171,9.313],[0.017099,5.675],[0.017098,49.87],[0.017097,0.252],[0.017096,6.767],[0.017095,7.658],[0.017094,0.171],[0.017093,0.058],[0.017092,39.391],[0.017091,121.42],[0.01709,0.171],[0.017089,1.402]],"asks":[[0.017112,7.727],[0.017114,2.923],[0.017116,0.171],[0.017118,0.171],[0.017119,3.014],[0.01712,9.163],[0.017121,9.461],[0.017122,5.846],[0.017124,5.026],[0.017125,2.453],[0.017126,0.171],[0.017128,0.665],[0.01713,4.926],[0.017131,8.303],[0.017132,0.177],[0.017133,7.79],[0.017134,41.67],[0.017135,7.205],[0.017136,52.765],[0.017137,0.084]]}

{"last_update_id":2863691997,"time_stamp":1667556227760,"bids":[[0.017111,4.213],[0.01711,0.171],[0.017108,2.534],[0.017107,0.413],[0.017106,1.747],[0.017105,12.639],[0.017104,0.171],[0.017103,1.06],[0.017102,3.396],[0.017101,7.337],[0.0171,9.313],[0.017099,5.675],[0.017098,49.87],[0.017097,0.252],[0.017096,6.767],[0.017095,7.658],[0.017094,0.171],[0.017093,0.058],[0.017092,39.391],[0.017091,121.42],[0.01709,0.171],[0.017089,1.402]],"asks":[[0.017112,7.727],[0.017114,2.923],[0.017116,0.171],[0.017118,0.171],[0.017119,3.014],[0.01712,9.163],[0.017121,9.461],[0.017122,5.846],[0.017124,5.026],[0.017125,2.453],[0.017126,0.171],[0.017128,0.665],[0.01713,4.926],[0.017131,8.303],[0.017132,0.177],[0.017133,7.79],[0.017134,41.67],[0.017135,7.205],[0.017136,52.765],[0.017137,0.084]]}

{"last_update_id":2863691998,"time_stamp":1667556228089,"bids":[[0.017111,4.213],[0.01711,2.454],[0.017108,2.534],[0.017107,0.413],[0.017106,1.747],[0.017105,12.639],[0.017104,0.171],[0.017103,1.06],[0.017102,3.396],[0.017101,7.337],[0.0171,9.313],[0.017099,5.675],[0.017098,49.87],[0.017097,0.252],[0.017096,6.767],[0.017095,7.658],[0.017094,0.171],[0.017093,0.058],[0.017092,39.391],[0.017091,121.42],[0.01709,0.171],[0.017089,1.402]],"asks":[[0.017112,7.727],[0.017114,2.923],[0.017116,0.171],[0.017118,0.171],[0.017119,3.014],[0.01712,9.163],[0.017121,9.461],[0.017122,5.846],[0.017124,5.026],[0.017125,2.453],[0.017126,0.171],[0.017128,0.665],[0.01713,4.926],[0.017131,8.303],[0.017132,0.177],[0.017133,7.79],[0.017134,41.67],[0.017135,7.205],[0.017136,52.765],[0.017137,0.084]]}

{"last_update_id":2863692000,"time_stamp":1667556228189,"bids":[[0.017111,4.213],[0.01711,2.454],[0.017108,0.571],[0.017107,0.413],[0.017106,1.747],[0.017105,12.639],[0.017104,0.171],[0.017103,1.06],[0.017102,3.396],[0.017101,7.337],[0.0171,9.313],[0.017099,5.675],[0.017098,49.87],[0.017097,0.252],[0.017096,6.767],[0.017095,7.658],[0.017094,0.171],[0.017093,0.058],[0.017092,39.391],[0.017091,121.42],[0.01709,0.171],[0.017089,1.402]],"asks":[[0.017112,7.727],[0.017114,2.923],[0.017116,0.171],[0.017118,0.171],[0.017119,3.014],[0.01712,9.163],[0.017121,9.461],[0.017122,5.846],[0.017124,5.026],[0.017125,2.453],[0.017126,0.171],[0.017128,0.665],[0.01713,4.926],[0.017131,8.303],[0.017132,0.177],[0.017133,7.79],[0.017134,41.67],[0.017135,7.205],[0.017136,52.765],[0.017137,0.084]]}

{"last_update_id":2863692001,"time_stamp":1667556228289,"bids":[[0.017111,4.213],[0.01711,2.454],[0.017108,0.571],[0.017107,0.413],[0.017106,1.747],[0.017105,12.639],[0.017104,0.171],[0.017103,1.06],[0.017102,3.396],[0.017101,7.337],[0.0171,9.313],[0.017099,5.675],[0.017098,49.87],[0.017097,0.252],[0.017096,6.767],[0.017095,7.658],[0.017094,0.171],[0.017093,0.058],[0.017092,39.391],[0.017091,121.42],[0.01709,0.171],[0.017089,1.402]],"asks":[[0.017112,7.727],[0.017114,2.923],[0.017116,0.171],[0.017118,0.171],[0.017119,3.014],[0.01712,9.163],[0.017121,9.461],[0.017122,5.846],[0.017124,5.026],[0.017125,2.453],[0.017126,0.171],[0.017128,0.665],[0.01713,4.926],[0.017131,8.303],[0.017132,0.177],[0.017133,7.79],[0.017134,41.67],[0.017135,7.205],[0.017136,52.765],[0.017137,0.084]]}

{"last_update_id":2863692002,"time_stamp":1667556228390,"bids":[[0.017111,4.213],[0.01711,2.454],[0.017108,0.571],[0.017107,0.413],[0.017106,1.747],[0.017105,12.639],[0.017104,0.171],[0.017103,1.06],[0.017102,3.396],[0.017101,7.337],[0.0171,9.313],[0.017099,5.675],[0.017098,49.87],[0.017097,0.252],[0.017096,6.767],[0.017095,7.658],[0.017094,0.171],[0.017093,0.058],[0.017092,39.391],[0.017091,121.42],[0.01709,0.171],[0.017089,1.402]],"asks":[[0.017112,7.727],[0.017114,2.923],[0.017116,0.171],[0.017118,0.171],[0.017119,3.014],[0.01712,9.163],[0.017121,9.461],[0.017122,5.846],[0.017124,5.026],[0.017125,2.453],[0.017126,0.171],[0.017128,0.665],[0.01713,4.926],[0.017131,8.303],[0.017132,0.177],[0.017133,7.79],[0.017134,41.67],[0.017135,7.205],[0.017136,52.765],[0.017137,0.084]]}

{"last_update_id":2863692003,"time_stamp":1667556229302,"bids":[[0.017111,4.213],[0.01711,2.454],[0.017108,0.571],[0.017107,0.413],[0.017106,1.747],[0.017105,12.639],[0.017104,0.171],[0.017103,1.06],[0.017102,3.396],[0.017101,7.337],[0.0171,9.313],[0.017099,5.675],[0.017098,49.87],[0.017097,0.252],[0.017096,6.767],[0.017095,7.658],[0.017094,0.171],[0.017093,0.058],[0.017092,39.391],[0.017091,121.42],[0.01709,0.171],[0.017089,1.402]],"asks":[[0.017112,7.727],[0.017114,2.923],[0.017116,0.171],[0.017118,0.171],[0.017119,3.014],[0.01712,9.163],[0.017121,9.461],[0.017122,5.846],[0.017124,5.026],[0.017125,2.459],[0.017126,0.171],[0.017128,0.665],[0.01713,4.926],[0.017131,8.303],[0.017132,0.177],[0.017133,7.79],[0.017134,41.67],[0.017135,7.205],[0.017136,52.765],[0.017137,0.084]]}

{"last_update_id":2863692004,"time_stamp":1667556229651,"bids":[[0.017111,4.213],[0.01711,2.454],[0.017108,0.571],[0.017107,0.413],[0.017106,1.747],[0.017105,12.639],[0.017104,0.171],[0.017103,1.06],[0.017102,3.396],[0.017101,7.337],[0.0171,9.313],[0.017099,5.675],[0.017098,49.87],[0.017097,0.252],[0.017096,6.767],[0.017095,7.658],[0.017094,0.171],[0.017093,0.058],[0.017092,39.391],[0.017091,121.42],[0.01709,0.171],[0.017089,1.402]],"asks":[[0.017112,7.727],[0.017114,2.923],[0.017116,0.171],[0.017118,0.171],[0.017119,3.014],[0.01712,9.163],[0.017121,9.461],[0.017122,5.846],[0.017124,5.026],[0.017125,2.459],[0.017126,0.171],[0.017128,0.665],[0.01713,4.926],[0.017131,8.303],[0.017132,0.177],[0.017133,7.79],[0.017134,41.67],[0.017135,7.205],[0.017136,52.765],[0.017137,0.084]]}

{"last_update_id":2863692005,"time_stamp":1667556230072,"bids":[[0.017111,4.213],[0.01711,2.454],[0.017108,0.571],[0.017107,0.413],[0.017106,1.747],[0.017105,12.639],[0.017104,0.171],[0.017103,1.06],[0.017102,3.396],[0.017101,7.337],[0.0171,9.313],[0.017099,5.675],[0.017098,49.87],[0.017097,0.252],[0.017096,6.767],[0.017095,7.658],[0.017094,0.171],[0.017093,0.058],[0.017092,39.391],[0.017091,121.42],[0.01709,0.171],[0.017089,1.402]],"asks":[[0.017112,7.727],[0.017114,2.923],[0.017116,0.171],[0.017118,0.171],[0.017119,3.014],[0.01712,9.163],[0.017121,9.461],[0.017122,5.846],[0.017124,5.026],[0.017125,2.459],[0.017126,0.171],[0.017128,0.665],[0.01713,4.926],[0.017131,8.303],[0.017132,0.177],[0.017133,7.79],[0.017134,41.67],[0.017135,7.205],[0.017136,52.765],[0.017137,0.084]]}

{"last_update_id":2863692006,"time_stamp":1667556231137,"bids":[[0.017111,4.213],[0.01711,2.454],[0.017108,0.571],[0.017107,0.413],[0.017106,1.747],[0.017105,12.639],[0.017104,0.171],[0.017103,1.06],[0.017102,3.396],[0.017101,7.337],[0.0171,9.313],[0.017099,5.675],[0.017098,49.87],[0.017097,0.252],[0.017096,6.767],[0.017095,7.658],[0.017094,0.171],[0.017093,0.058],[0.017092,39.391],[0.017091,121.42],[0.01709,0.171],[0.017089,1.402]],"asks":[[0.017112,7.727],[0.017114,2.923],[0.017116,0.171],[0.017118,0.171],[0.017119,3.014],[0.01712,9.163],[0.017121,9.461],[0.017122,5.846],[0.017124,5.026],[0.017125,2.459],[0.017126,0.171],[0.017128,0.665],[0.01713,4.926],[0.017131,8.303],[0.017132,0.177],[0.017133,7.79],[0.017134,41.67],[0.017135,7.205],[0.017136,52.765],[0.017137,0.084]]}

{"last_update_id":2863692007,"time_stamp":1667556231572,"bids":[[0.017111,4.213],[0.01711,2.454],[0.017108,0.571],[0.017107,0.413],[0.017106,1.747],[0.017105,12.639],[0.017104,0.171],[0.017103,1.06],[0.017102,3.396],[0.017101,7.337],[0.0171,9.313],[0.017099,5.675],[0.017098,49.87],[0.017097,0.252],[0.017096,6.767],[0.017095,7.658],[0.017094,0.171],[0.017093,0.058],[0.017092,39.391],[0.017091,121.42],[0.01709,0.171],[0.017089,1.402]],"asks":[[0.017112,7.727],[0.017114,2.923],[0.017116,0.171],[0.017118,0.171],[0.017119,3.014],[0.01712,9.163],[0.017121,9.461],[0.017122,5.846],[0.017124,5.026],[0.017125,2.459],[0.017126,0.171],[0.017128,0.665],[0.01713,4.926],[0.017131,8.303],[0.017132,0.177],[0.017133,7.79],[0.017134,41.67],[0.017135,7.205],[0.017136,52.765],[0.017137,0.084]]}

{"last_update_id":2863692008,"time_stamp":1667556231674,"bids":[[0.017111,4.213],[0.01711,2.454],[0.017108,0.571],[0.017107,0.413],[0.017106,1.747],[0.017105,12.639],[0.017104,0.171],[0.017103,1.06],[0.017102,3.396],[0.017101,7.337],[0.0171,9.313],[0.017099,5.675],[0.017098,49.87],[0.017097,0.252],[0.017096,6.767],[0.017095,7.658],[0.017094,0.171],[0.017093,0.058],[0.017092,39.391],[0.017091,121.42],[0.01709,0.171],[0.017089,1.402]],"asks":[[0.017112,7.727],[0.017114,2.923],[0.017116,0.171],[0.017118,0.171],[0.017119,3.014],[0.01712,9.163],[0.017121,9.461],[0.017122,5.846],[0.017124,5.026],[0.017125,2.459],[0.017126,0.171],[0.017128,0.665],[0.01713,4.926],[0.017131,8.303],[0.017132,0.177],[0.017133,7.79],[0.017134,41.67],[0.017135,7.205],[0.017136,52.765],[0.017137,0.084]]}

{"last_update_id":2863692009,"time_stamp":1667556232280,"bids":[[0.017111,4.213],[0.01711,2.454],[0.017108,0.571],[0.017107,0.413],[0.017106,1.747],[0.017105,12.639],[0.017104,0.171],[0.017103,1.06],[0.017102,3.396],[0.017101,7.337],[0.0171,9.313],[0.017099,5.675],[0.017098,49.87],[0.017097,0.252],[0.017096,6.767],[0.017095,7.658],[0.017094,0.171],[0.017093,0.058],[0.017092,39.391],[0.017091,121.42],[0.01709,0.171],[0.017089,1.402]],"asks":[[0.017112,7.727],[0.017114,1.863],[0.017116,0.171],[0.017118,0.171],[0.017119,3.014],[0.01712,9.163],[0.017121,9.461],[0.017122,5.846],[0.017124,5.026],[0.017125,2.459],[0.017126,0.171],[0.017128,0.665],[0.01713,4.926],[0.017131,8.303],[0.017132,0.177],[0.017133,7.79],[0.017134,41.67],[0.017135,7.205],[0.017136,52.765],[0.017137,0.084]]}

{"last_update_id":2863692014,"time_stamp":1667556232380,"bids":[[0.017111,4.213],[0.01711,2.454],[0.017108,0.571],[0.017107,0.413],[0.017106,1.747],[0.017105,13.699],[0.017104,0.171],[0.017103,1.06],[0.017102,3.396],[0.017101,7.337],[0.0171,9.313],[0.017099,5.675],[0.017098,49.87],[0.017097,0.252],[0.017096,6.767],[0.017095,7.658],[0.017094,0.171],[0.017093,0.058],[0.017092,39.391],[0.017091,121.42],[0.01709,0.171],[0.017089,1.402]],"asks":[[0.017112,7.727],[0.017114,1.863],[0.017116,1.241],[0.017118,0.171],[0.017119,3.014],[0.01712,9.163],[0.017121,9.461],[0.017122,5.846],[0.017124,5.026],[0.017125,2.459],[0.017126,0.171],[0.017128,0.665],[0.01713,3.866],[0.017131,8.303],[0.017132,0.177],[0.017133,7.79],[0.017134,41.67],[0.017135,7.205],[0.017136,52.765],[0.017137,0.084]]}

{"last_update_id":2863692015,"time_stamp":1667556232496,"bids":[[0.017111,4.213],[0.01711,2.454],[0.017108,0.571],[0.017107,0.413],[0.017106,1.747],[0.017105,13.699],[0.017104,0.171],[0.017103,1.06],[0.017102,3.396],[0.017101,7.337],[0.0171,9.313],[0.017099,5.675],[0.017098,49.87],[0.017097,0.252],[0.017096,6.767],[0.017095,7.658],[0.017094,0.171],[0.017093,0.058],[0.017092,39.391],[0.017091,121.42],[0.01709,0.171],[0.017089,1.402]],"asks":[[0.017112,7.727],[0.017114,1.863],[0.017116,1.241],[0.017118,0.171],[0.017119,3.014],[0.01712,9.163],[0.017121,9.461],[0.017122,5.846],[0.017124,5.026],[0.017125,2.459],[0.017126,0.171],[0.017128,0.665],[0.01713,3.624],[0.017131,8.303],[0.017132,0.177],[0.017133,7.79],[0.017134,41.67],[0.017135,7.205],[0.017136,52.765],[0.017137,0.084]]}

{"last_update_id":2863692016,"time_stamp":1667556232965,"bids":[[0.017111,4.213],[0.01711,2.454],[0.017108,0.571],[0.017107,0.413],[0.017106,1.747],[0.017105,13.699],[0.017104,0.171],[0.017103,1.06],[0.017102,3.396],[0.017101,7.337],[0.0171,9.565],[0.017099,5.675],[0.017098,49.87],[0.017097,0.252],[0.017096,6.767],[0.017095,7.658],[0.017094,0.171],[0.017093,0.058],[0.017092,39.391],[0.017091,121.42],[0.01709,0.171],[0.017089,1.402]],"asks":[[0.017112,7.727],[0.017114,1.863],[0.017116,1.241],[0.017118,0.171],[0.017119,3.014],[0.01712,9.163],[0.017121,9.461],[0.017122,5.846],[0.017124,5.026],[0.017125,2.459],[0.017126,0.171],[0.017128,0.665],[0.01713,3.624],[0.017131,8.303],[0.017132,0.177],[0.017133,7.79],[0.017134,41.67],[0.017135,7.205],[0.017136,52.765],[0.017137,0.084]]}

{"last_update_id":2863692022,"time_stamp":1667556233066,"bids":[[0.017111,6.213],[0.01711,2.454],[0.017108,0.571],[0.017107,5.741],[0.017106,5.744],[0.017105,13.699],[0.017104,0.171],[0.017103,1.06],[0.017102,3.396],[0.017101,7.337],[0.0171,9.565],[0.017099,5.675],[0.017098,49.87],[0.017097,0.252],[0.017096,6.767],[0.017095,7.658],[0.017094,0.171],[0.017093,0.058],[0.017092,39.391],[0.017091,121.42],[0.01709,0.171],[0.017089,1.402]],"asks":[[0.017112,0.222],[0.017114,1.863],[0.017116,1.241],[0.017118,0.171],[0.017119,3.014],[0.01712,9.163],[0.017121,9.461],[0.017122,5.846],[0.017124,5.026],[0.017125,2.459],[0.017126,0.171],[0.017128,0.665],[0.01713,3.624],[0.017131,8.303],[0.017132,0.177],[0.017133,7.79],[0.017134,41.67],[0.017135,7.205],[0.017136,52.765],[0.017137,0.084]]}

{"last_update_id":2863692026,"time_stamp":1667556233166,"bids":[[0.017111,6.213],[0.01711,2.454],[0.017108,3.088],[0.017107,5.741],[0.017106,5.744],[0.017105,13.699],[0.017104,0.171],[0.017103,1.06],[0.017102,3.396],[0.017101,2.736],[0.0171,10.985],[0.017099,5.675],[0.017098,49.87],[0.017097,0.252],[0.017096,5.347],[0.017095,7.658],[0.017094,0.171],[0.017093,0.058],[0.017092,39.391],[0.017091,121.42],[0.01709,0.171],[0.017089,1.402]],"asks":[[0.017112,0.222],[0.017114,1.863],[0.017116,1.241],[0.017118,0.171],[0.017119,3.014],[0.01712,9.163],[0.017121,9.461],[0.017122,5.846],[0.017124,5.026],[0.017125,2.459],[0.017126,0.171],[0.017128,0.665],[0.01713,3.624],[0.017131,8.303],[0.017132,0.177],[0.017133,7.79],[0.017134,41.67],[0.017135,7.205],[0.017136,52.765],[0.017137,0.084]]}

{"last_update_id":2863692027,"time_stamp":1667556233282,"bids":[[0.017111,6.213],[0.01711,2.454],[0.017108,3.088],[0.017107,5.741],[0.017106,5.744],[0.017105,13.699],[0.017104,0.171],[0.017103,1.06],[0.017102,3.396],[0.017101,2.736],[0.0171,10.985],[0.017099,5.675],[0.017098,49.87],[0.017097,0.252],[0.017096,5.347],[0.017095,7.658],[0.017094,0.171],[0.017093,0.058],[0.017092,39.391],[0.017091,121.42],[0.01709,0.171],[0.017089,1.402]],"asks":[[0.017112,0.222],[0.017114,1.863],[0.017116,1.241],[0.017118,0.171],[0.017119,3.014],[0.01712,9.163],[0.017121,9.461],[0.017122,5.846],[0.017124,5.026],[0.017125,2.459],[0.017126,0.171],[0.017128,0.665],[0.01713,3.624],[0.017131,8.303],[0.017132,0.177],[0.017133,7.79],[0.017134,41.67],[0.017135,7.205],[0.017136,52.765],[0.017137,0.084]]}

{"last_update_id":2863692028,"time_stamp":1667556233394,"bids":[[0.017111,6.213],[0.01711,2.454],[0.017108,3.088],[0.017107,5.741],[0.017106,5.744],[0.017105,13.699],[0.017104,0.171],[0.017103,1.06],[0.017102,3.396],[0.017101,2.736],[0.0171,10.985],[0.017099,5.675],[0.017098,49.87],[0.017097,0.252],[0.017096,5.347],[0.017095,7.658],[0.017094,0.171],[0.017093,0.058],[0.017092,39.391],[0.017091,121.42],[0.01709,0.171],[0.017089,1.402]],"asks":[[0.017112,0.222],[0.017114,1.863],[0.017116,1.241],[0.017118,0.171],[0.017119,3.014],[0.01712,9.163],[0.017121,9.461],[0.017122,5.846],[0.017124,5.026],[0.017125,2.459],[0.017126,0.171],[0.017128,0.665],[0.01713,3.624],[0.017131,8.303],[0.017132,0.177],[0.017133,7.79],[0.017134,41.67],[0.017135,7.205],[0.017136,52.765],[0.017137,0.084]]}

{"last_update_id":2863692029,"time_stamp":1667556233758,"bids":[[0.017111,6.213],[0.01711,2.454],[0.017108,3.088],[0.017107,5.741],[0.017106,5.744],[0.017105,13.699],[0.017104,0.171],[0.017103,1.06],[0.017102,3.396],[0.017101,2.736],[0.0171,10.985],[0.017099,5.675],[0.017098,49.87],[0.017097,0.252],[0.017096,5.347],[0.017095,7.658],[0.017094,0.171],[0.017093,0.058],[0.017092,39.391],[0.017091,121.42],[0.01709,0.171],[0.017089,1.402]],"asks":[[0.017112,0.222],[0.017114,1.863],[0.017116,1.241],[0.017118,0.171],[0.017119,3.014],[0.01712,9.163],[0.017121,9.461],[0.017122,5.846],[0.017124,5.026],[0.017125,2.459],[0.017126,0.171],[0.017128,0.665],[0.01713,3.624],[0.017131,8.303],[0.017132,0.177],[0.017133,7.79],[0.017134,41.67],[0.017135,7.205],[0.017136,52.765],[0.017137,0.084]]}

{"last_update_id":2863692031,"time_stamp":1667556233858,"bids":[[0.017111,6.213],[0.01711,2.454],[0.017108,3.088],[0.017107,5.741],[0.017106,5.744],[0.017105,13.699],[0.017104,0.171],[0.017103,1.06],[0.017102,3.396],[0.017101,2.736],[0.0171,10.985],[0.017099,5.675],[0.017098,49.87],[0.017097,0.252],[0.017096,5.347],[0.017095,7.658],[0.017094,0.171],[0.017093,0.058],[0.017092,39.391],[0.017091,121.42],[0.01709,0.171],[0.017089,1.402]],"asks":[[0.017112,0.222],[0.017114,4.309],[0.017116,1.241],[0.017118,0.171],[0.017119,3.014],[0.01712,9.163],[0.017121,9.461],[0.017122,5.846],[0.017124,5.026],[0.017125,2.459],[0.017126,0.171],[0.017128,0.665],[0.01713,3.624],[0.017131,8.303],[0.017132,0.177],[0.017133,7.79],[0.017134,41.67],[0.017135,7.205],[0.017136,52.765],[0.017137,0.084]]}

{"last_update_id":2863692032,"time_stamp":1667556234331,"bids":[[0.017111,6.213],[0.01711,2.454],[0.017108,3.088],[0.017107,5.741],[0.017106,5.744],[0.017105,13.699],[0.017104,0.171],[0.017103,1.06],[0.017102,3.396],[0.017101,2.736],[0.0171,5.142],[0.017099,5.675],[0.017098,49.87],[0.017097,0.252],[0.017096,5.347],[0.017095,7.658],[0.017094,0.171],[0.017093,0.058],[0.017092,39.391],[0.017091,121.42],[0.01709,0.171],[0.017089,1.402]],"asks":[[0.017112,0.222],[0.017114,4.309],[0.017116,1.241],[0.017118,0.171],[0.017119,3.014],[0.01712,9.163],[0.017121,9.461],[0.017122,5.846],[0.017124,5.026],[0.017125,2.459],[0.017126,0.171],[0.017128,0.665],[0.01713,3.624],[0.017131,8.303],[0.017132,0.177],[0.017133,7.79],[0.017134,41.67],[0.017135,7.205],[0.017136,52.765],[0.017137,0.084]]}

{"last_update_id":2863692035,"time_stamp":1667556234431,"bids":[[0.017111,6.213],[0.01711,2.454],[0.017108,3.088],[0.017107,5.741],[0.017106,5.744],[0.017105,13.699],[0.017104,0.171],[0.017103,1.06],[0.017102,3.396],[0.017101,2.736],[0.0171,5.142],[0.017099,5.675],[0.017098,49.87],[0.017097,0.252],[0.017096,5.347],[0.017095,7.658],[0.017094,0.171],[0.017093,0.058],[0.017092,39.391],[0.017091,121.42],[0.01709,0.171],[0.017089,1.402]],"asks":[[0.017112,0.222],[0.017114,4.309],[0.017116,1.241],[0.017118,0.171],[0.017119,3.014],[0.01712,9.163],[0.017121,9.461],[0.017122,5.846],[0.017124,5.026],[0.017125,2.459],[0.017126,0.171],[0.017128,0.665],[0.01713,3.624],[0.017131,8.303],[0.017132,0.177],[0.017133,7.79],[0.017134,41.67],[0.017135,7.205],[0.017136,52.765],[0.017137,0.084]]}

{"last_update_id":2863692036,"time_stamp":1667556235389,"bids":[[0.017111,6.213],[0.01711,2.454],[0.017108,3.088],[0.017107,5.741],[0.017106,5.744],[0.017105,13.699],[0.017104,0.171],[0.017103,1.06],[0.017102,3.396],[0.017101,2.736],[0.0171,5.142],[0.017099,5.675],[0.017098,49.87],[0.017097,0.252],[0.017096,5.347],[0.017095,7.658],[0.017094,0.171],[0.017093,0.058],[0.017092,39.391],[0.017091,121.42],[0.01709,0.171],[0.017089,1.402]],"asks":[[0.017112,0.222],[0.017114,4.309],[0.017116,1.283],[0.017118,0.171],[0.017119,3.014],[0.01712,9.163],[0.017121,9.461],[0.017122,5.846],[0.017124,5.026],[0.017125,2.459],[0.017126,0.171],[0.017128,0.665],[0.01713,3.624],[0.017131,8.303],[0.017132,0.177],[0.017133,7.79],[0.017134,41.67],[0.017135,7.205],[0.017136,52.765],[0.017137,0.084]]}

{"last_update_id":2863692037,"time_stamp":1667556235504,"bids":[[0.017111,6.213],[0.01711,2.454],[0.017108,3.088],[0.017107,5.741],[0.017106,5.744],[0.017105,13.699],[0.017104,0.171],[0.017103,1.06],[0.017102,3.396],[0.017101,2.736],[0.0171,5.142],[0.017099,5.675],[0.017098,49.87],[0.017097,0.252],[0.017096,5.347],[0.017095,7.658],[0.017094,0.171],[0.017093,0.058],[0.017092,39.391],[0.017091,121.42],[0.01709,0.171],[0.017089,1.402]],"asks":[[0.017112,0.222],[0.017114,4.309],[0.017116,1.283],[0.017118,0.171],[0.017119,3.014],[0.01712,9.163],[0.017121,9.461],[0.017122,5.846],[0.017124,5.026],[0.017125,2.459],[0.017126,0.171],[0.017128,0.665],[0.01713,3.624],[0.017131,8.303],[0.017132,0.177],[0.017133,8.042],[0.017134,41.67],[0.017135,7.205],[0.017136,52.765],[0.017137,0.084]]}

{"last_update_id":2863692038,"time_stamp":1667556236235,"bids":[[0.017111,6.213],[0.01711,2.454],[0.017108,3.088],[0.017107,5.741],[0.017106,5.744],[0.017105,13.699],[0.017104,0.171],[0.017103,1.06],[0.017102,3.396],[0.017101,2.736],[0.0171,5.142],[0.017099,5.675],[0.017098,49.87],[0.017097,0.252],[0.017096,5.347],[0.017095,7.658],[0.017094,0.171],[0.017093,0.058],[0.017092,39.391],[0.017091,121.42],[0.01709,0.171],[0.017089,1.402]],"asks":[[0.017112,0.222],[0.017114,4.309],[0.017116,1.283],[0.017118,0.171],[0.017119,3.014],[0.01712,9.163],[0.017121,9.461],[0.017122,5.846],[0.017124,5.026],[0.017125,2.459],[0.017126,0.171],[0.017128,0.665],[0.01713,3.624],[0.017131,8.303],[0.017132,0.177],[0.017133,8.042],[0.017134,41.67],[0.017135,7.205],[0.017136,52.765],[0.017137,0.084]]}

{"last_update_id":2863692039,"time_stamp":1667556237176,"bids":[[0.017111,6.213],[0.01711,2.454],[0.017108,7.688],[0.017107,5.741],[0.017106,5.744],[0.017105,13.699],[0.017104,0.171],[0.017103,1.06],[0.017102,3.396],[0.017101,2.736],[0.0171,5.142],[0.017099,5.675],[0.017098,49.87],[0.017097,0.252],[0.017096,5.347],[0.017095,7.658],[0.017094,0.171],[0.017093,0.058],[0.017092,39.391],[0.017091,121.42],[0.01709,0.171],[0.017089,1.402]],"asks":[[0.017112,0.222],[0.017114,4.309],[0.017116,1.283],[0.017118,0.171],[0.017119,3.014],[0.01712,9.163],[0.017121,9.461],[0.017122,5.846],[0.017124,5.026],[0.017125,2.459],[0.017126,0.171],[0.017128,0.665],[0.01713,3.624],[0.017131,8.303],[0.017132,0.177],[0.017133,8.042],[0.017134,41.67],[0.017135,7.205],[0.017136,52.765],[0.017137,0.084]]}

{"last_update_id":2863692040,"time_stamp":1667556237276,"bids":[[0.017111,6.213],[0.01711,2.454],[0.017108,7.688],[0.017107,5.741],[0.017106,5.744],[0.017105,13.699],[0.017104,0.171],[0.017103,1.06],[0.017102,3.396],[0.017101,2.736],[0.0171,5.142],[0.017099,5.675],[0.017098,49.87],[0.017097,0.252],[0.017096,5.347],[0.017095,7.658],[0.017094,0.171],[0.017093,0.058],[0.017092,39.391],[0.017091,121.42],[0.01709,0.171],[0.017089,1.402]],"asks":[[0.017112,0.222],[0.017114,4.309],[0.017116,1.241],[0.017118,0.171],[0.017119,3.014],[0.01712,9.163],[0.017121,9.461],[0.017122,5.846],[0.017124,5.026],[0.017125,2.459],[0.017126,0.171],[0.017128,0.665],[0.01713,3.624],[0.017131,8.303],[0.017132,0.177],[0.017133,8.042],[0.017134,41.67],[0.017135,7.205],[0.017136,52.765],[0.017137,0.084]]}

{"last_update_id":2863692049,"time_stamp":1667556237376,"bids":[[0.017111,8.345],[0.01711,2.454],[0.017109,2.376],[0.017108,7.688],[0.017107,5.741],[0.017106,1.747],[0.017105,13.699],[0.017104,0.171],[0.017103,1.06],[0.017102,3.396],[0.017101,0.021],[0.0171,5.142],[0.017099,5.675],[0.017098,49.87],[0.017097,0.252],[0.017096,2.197],[0.017095,7.658],[0.017094,0.171],[0.017093,0.058],[0.017092,39.391],[0.017091,121.42],[0.01709,0.171],[0.017089,1.402]],"asks":[[0.017112,0.042],[0.017113,0.149],[0.017114,4.309],[0.017116,1.241],[0.017118,0.171],[0.017119,3.014],[0.01712,9.163],[0.017121,9.461],[0.017122,5.846],[0.017124,5.026],[0.017125,2.459],[0.017126,0.171],[0.017128,0.665],[0.01713,3.624],[0.017131,8.303],[0.017132,0.177],[0.017133,8.042],[0.017134,41.67],[0.017135,1.404],[0.017136,52.765],[0.017137,0.084]]}

{"last_update_id":2863692050,"time_stamp":1667556237485,"bids":[[0.017111,8.345],[0.01711,2.454],[0.017109,2.376],[0.017108,7.688],[0.017107,5.741],[0.017106,1.747],[0.017105,13.699],[0.017104,0.171],[0.017103,1.06],[0.017102,3.396],[0.017101,0.021],[0.0171,5.142],[0.017099,5.675],[0.017098,49.87],[0.017097,0.252],[0.017096,2.197],[0.017095,7.658],[0.017094,0.171],[0.017093,0.058],[0.017092,39.391],[0.017091,121.42],[0.01709,0.171],[0.017089,1.402]],"asks":[[0.017112,0.042],[0.017113,0.149],[0.017114,4.309],[0.017116,1.241],[0.017118,0.171],[0.017119,3.014],[0.01712,9.163],[0.017121,9.461],[0.017122,5.846],[0.017124,5.026],[0.017125,2.459],[0.017126,0.171],[0.017128,0.665],[0.01713,3.624],[0.017131,8.303],[0.017132,0.177],[0.017133,8.042],[0.017134,41.67],[0.017135,1.404],[0.017136,52.765],[0.017137,0.084]]}

{"last_update_id":2863692064,"time_stamp":1667556237584,"bids":[[0.017112,8.982],[0.017111,4.014],[0.01711,0.171],[0.017109,2.376],[0.017108,5.171],[0.017107,5.741],[0.017106,4.458],[0.017105,13.699],[0.017104,0.171],[0.017103,1.06],[0.017102,3.396],[0.017101,0.021],[0.0171,5.142],[0.017099,10.281],[0.017098,49.87],[0.017097,0.252],[0.017096,2.197],[0.017095,7.658],[0.017094,0.171],[0.017093,0.058],[0.017092,39.391],[0.017091,121.42],[0.01709,0.171],[0.017089,1.402]],"asks":[[0.017112,0.042],[0.017113,0.149],[0.017114,4.309],[0.017116,1.241],[0.017118,0.171],[0.017119,3.014],[0.01712,9.163],[0.017121,9.461],[0.017122,5.846],[0.017124,5.026],[0.017125,2.459],[0.017126,0.171],[0.017128,0.665],[0.01713,3.624],[0.017131,8.303],[0.017132,0.177],[0.017133,8.042],[0.017134,41.67],[0.017135,1.404],[0.017136,52.765],[0.017137,0.084]]}

{"last_update_id":2863692065,"time_stamp":1667556237686,"bids":[[0.017112,8.982],[0.017111,4.014],[0.01711,0.171],[0.017109,2.376],[0.017108,5.171],[0.017107,5.741],[0.017106,4.458],[0.017105,13.699],[0.017104,0.171],[0.017103,1.06],[0.017102,3.396],[0.017101,0.021],[0.0171,5.142],[0.017099,10.281],[0.017098,49.87],[0.017097,0.252],[0.017096,2.197],[0.017095,7.658],[0.017094,0.171],[0.017093,0.058],[0.017092,39.391],[0.017091,121.42],[0.01709,0.171],[0.017089,1.402]],"asks":[[0.017112,0.042],[0.017113,0.191],[0.017114,4.309],[0.017116,1.241],[0.017118,0.171],[0.017119,3.014],[0.01712,9.163],[0.017121,9.461],[0.017122,5.846],[0.017124,5.026],[0.017125,2.459],[0.017126,0.171],[0.017128,0.665],[0.01713,3.624],[0.017131,8.303],[0.017132,0.177],[0.017133,8.042],[0.017134,41.67],[0.017135,1.404],[0.017136,52.765],[0.017137,0.084]]}

{"last_update_id":2863692066,"time_stamp":1667556238711,"bids":[[0.017112,8.982],[0.017111,4.014],[0.01711,0.171],[0.017109,2.376],[0.017108,5.171],[0.017107,5.741],[0.017106,4.458],[0.017105,13.699],[0.017104,0.171],[0.017103,1.06],[0.017102,3.396],[0.017101,0.021],[0.0171,5.142],[0.017099,10.281],[0.017098,49.87],[0.017097,0.252],[0.017096,2.197],[0.017095,7.658],[0.017094,0.171],[0.017093,0.058],[0.017092,39.391],[0.017091,121.42],[0.01709,0.171],[0.017089,1.402]],"asks":[[0.017112,0.042],[0.017113,0.191],[0.017114,4.309],[0.017116,1.241],[0.017118,0.171],[0.017119,3.014],[0.01712,9.163],[0.017121,9.461],[0.017122,5.846],[0.017124,5.026],[0.017125,2.459],[0.017126,0.171],[0.017128,0.665],[0.01713,3.624],[0.017131,8.303],[0.017132,0.177],[0.017133,8.042],[0.017134,41.67],[0.017135,1.404],[0.017136,52.765],[0.017137,0.084]]}

{"last_update_id":2863692070,"time_stamp":1667556238811,"bids":[[0.017112,8.982],[0.017111,4.014],[0.01711,0.171],[0.017109,2.376],[0.017108,7.531],[0.017107,5.741],[0.017106,7.59],[0.017105,13.699],[0.017104,0.171],[0.017103,1.06],[0.017102,3.396],[0.017101,0.021],[0.0171,5.142],[0.017099,10.281],[0.017098,49.87],[0.017097,0.252],[0.017096,2.197],[0.017095,7.658],[0.017094,0.171],[0.017093,0.058],[0.017092,39.391],[0.017091,121.42],[0.01709,0.171],[0.017089,1.402]],"asks":[[0.017112,0.042],[0.017113,0.191],[0.017114,4.309],[0.017116,1.241],[0.017118,0.171],[0.017119,3.014],[0.01712,9.163],[0.017121,9.461],[0.017122,5.846],[0.017124,5.026],[0.017125,2.459],[0.017126,0.171],[0.017128,0.665],[0.01713,3.624],[0.017131,8.303],[0.017132,0.177],[0.017133,8.042],[0.017134,41.67],[0.017135,1.404],[0.017136,52.765],[0.017137,0.084]]}

{"last_update_id":2863692071,"time_stamp":1667556239252,"bids":[[0.017112,8.982],[0.017111,1.882],[0.01711,0.171],[0.017109,2.376],[0.017108,7.531],[0.017107,5.741],[0.017106,7.59],[0.017105,13.699],[0.017104,0.171],[0.017103,1.06],[0.017102,3.396],[0.017101,0.021],[0.0171,5.142],[0.017099,10.281],[0.017098,49.87],[0.017097,0.252],[0.017096,2.197],[0.017095,7.658],[0.017094,0.171],[0.017093,0.058],[0.017092,39.391],[0.017091,121.42],[0.01709,0.171],[0.017089,1.402]],"asks":[[0.017112,0.042],[0.017113,0.191],[0.017114,4.309],[0.017116,1.241],[0.017118,0.171],[0.017119,3.014],[0.01712,9.163],[0.017121,9.461],[0.017122,5.846],[0.017124,5.026],[0.017125,2.459],[0.017126,0.171],[0.017128,0.665],[0.01713,3.624],[0.017131,8.303],[0.017132,0.177],[0.017133,8.042],[0.017134,41.67],[0.017135,1.404],[0.017136,52.765],[0.017137,0.084]]}

{"last_update_id":2863692073,"time_stamp":1667556239353,"bids":[[0.017112,9.032],[0.017111,1.882],[0.01711,0.171],[0.017109,2.376],[0.017108,7.531],[0.017107,5.741],[0.017106,1.747],[0.017105,13.699],[0.017104,0.171],[0.017103,1.06],[0.017102,3.396],[0.017101,0.021],[0.0171,5.142],[0.017099,10.281],[0.017098,49.87],[0.017097,0.252],[0.017096,2.197],[0.017095,7.658],[0.017094,0.171],[0.017093,0.058],[0.017092,39.391],[0.017091,121.42],[0.01709,0.171],[0.017089,1.402]],"asks":[[0.017112,0.042],[0.017113,0.191],[0.017114,4.309],[0.017116,1.241],[0.017118,0.171],[0.017119,3.014],[0.01712,9.163],[0.017121,9.461],[0.017122,5.846],[0.017124,5.026],[0.017125,2.459],[0.017126,0.171],[0.017128,0.665],[0.01713,3.624],[0.017131,8.303],[0.017132,0.177],[0.017133,8.042],[0.017134,41.67],[0.017135,1.404],[0.017136,52.765],[0.017137,0.084]]}

{"last_update_id":2863692074,"time_stamp":1667556239853,"bids":[[0.017112,7.032],[0.017111,1.882],[0.01711,0.171],[0.017109,2.376],[0.017108,7.531],[0.017107,5.741],[0.017106,1.747],[0.017105,13.699],[0.017104,0.171],[0.017103,1.06],[0.017102,3.396],[0.017101,0.021],[0.0171,5.142],[0.017099,10.281],[0.017098,49.87],[0.017097,0.252],[0.017096,2.197],[0.017095,7.658],[0.017094,0.171],[0.017093,0.058],[0.017092,39.391],[0.017091,121.42],[0.01709,0.171],[0.017089,1.402]],"asks":[[0.017112,0.042],[0.017113,0.191],[0.017114,4.309],[0.017116,1.241],[0.017118,0.171],[0.017119,3.014],[0.01712,9.163],[0.017121,9.461],[0.017122,5.846],[0.017124,5.026],[0.017125,2.459],[0.017126,0.171],[0.017128,0.665],[0.01713,3.624],[0.017131,8.303],[0.017132,0.177],[0.017133,8.042],[0.017134,41.67],[0.017135,1.404],[0.017136,52.765],[0.017137,0.084]]}

{"last_update_id":2863692075,"time_stamp":1667556240755,"bids":[[0.017112,7.032],[0.017111,1.882],[0.01711,0.171],[0.017109,2.376],[0.017108,7.531],[0.017107,5.741],[0.017106,1.747],[0.017105,13.699],[0.017104,0.171],[0.017103,1.06],[0.017102,3.396],[0.017101,0.021],[0.0171,5.142],[0.017099,10.281],[0.017098,49.87],[0.017097,0.252],[0.017096,2.197],[0.017095,7.658],[0.017094,0.171],[0.017093,0.058],[0.017092,39.391],[0.017091,121.42],[0.01709,0.171],[0.017089,1.402]],"asks":[[0.017112,0.042],[0.017113,0.191],[0.017114,4.309],[0.017116,1.241],[0.017118,0.171],[0.017119,3.014],[0.01712,9.163],[0.017121,9.461],[0.017122,5.846],[0.017124,5.026],[0.017125,2.459],[0.017126,0.171],[0.017128,0.665],[0.01713,3.624],[0.017131,8.303],[0.017132,0.177],[0.017133,8.042],[0.017134,41.67],[0.017135,1.404],[0.017136,52.765],[0.017137,0.084]]}

{"last_update_id":2863692076,"time_stamp":1667556241634,"bids":[[0.017112,7.032],[0.017111,1.882],[0.01711,0.171],[0.017109,2.376],[0.017108,7.531],[0.017107,0.413],[0.017106,1.747],[0.017105,13.699],[0.017104,0.171],[0.017103,1.06],[0.017102,3.396],[0.017101,0.021],[0.0171,5.142],[0.017099,10.281],[0.017098,49.87],[0.017097,0.252],[0.017096,2.197],[0.017095,7.658],[0.017094,0.171],[0.017093,0.058],[0.017092,39.391],[0.017091,121.42],[0.01709,0.171],[0.017089,1.402]],"asks":[[0.017112,0.042],[0.017113,0.191],[0.017114,4.309],[0.017116,1.241],[0.017118,0.171],[0.017119,3.014],[0.01712,9.163],[0.017121,9.461],[0.017122,5.846],[0.017124,5.026],[0.017125,2.459],[0.017126,0.171],[0.017128,0.665],[0.01713,3.624],[0.017131,8.303],[0.017132,0.177],[0.017133,8.042],[0.017134,41.67],[0.017135,1.404],[0.017136,52.765],[0.017137,0.084]]}

{"last_update_id":2863692077,"time_stamp":1667556241789,"bids":[[0.017112,7.032],[0.017111,1.882],[0.01711,0.171],[0.017109,2.376],[0.017108,7.531],[0.017107,0.413],[0.017106,1.747],[0.017105,13.699],[0.017104,0.171],[0.017103,1.06],[0.017102,3.396],[0.017101,0.021],[0.0171,5.142],[0.017099,10.281],[0.017098,49.87],[0.017097,0.252],[0.017096,2.197],[0.017095,7.658],[0.017094,0.171],[0.017093,0.058],[0.017092,39.391],[0.017091,121.42],[0.01709,0.171],[0.017089,1.402]],"asks":[[0.017112,0.042],[0.017113,0.092],[0.017114,4.309],[0.017116,1.241],[0.017118,0.171],[0.017119,3.014],[0.01712,9.163],[0.017121,9.461],[0.017122,5.846],[0.017124,5.026],[0.017125,2.459],[0.017126,0.171],[0.017128,0.665],[0.01713,3.624],[0.017131,8.303],[0.017132,0.177],[0.017133,8.042],[0.017134,41.67],[0.017135,1.404],[0.017136,52.765],[0.017137,0.084]]}

{"last_update_id":2863692080,"time_stamp":1667556241888,"bids":[[0.017112,4.869],[0.017111,1.882],[0.01711,0.171],[0.017109,2.376],[0.017108,5.171],[0.017107,0.413],[0.017106,4.46],[0.017105,13.699],[0.017104,0.171],[0.017103,1.06],[0.017102,3.396],[0.017101,0.021],[0.0171,5.142],[0.017099,10.281],[0.017098,49.87],[0.017097,0.252],[0.017096,2.197],[0.017095,7.658],[0.017094,0.171],[0.017093,0.058],[0.017092,39.391],[0.017091,121.42],[0.01709,0.171],[0.017089,1.402]],"asks":[[0.017112,0.042],[0.017113,0.092],[0.017114,4.309],[0.017116,1.241],[0.017118,0.171],[0.017119,3.014],[0.01712,9.163],[0.017121,9.461],[0.017122,5.846],[0.017124,5.026],[0.017125,2.459],[0.017126,0.171],[0.017128,0.665],[0.01713,3.624],[0.017131,8.303],[0.017132,0.177],[0.017133,8.042],[0.017134,41.67],[0.017135,1.404],[0.017136,52.765],[0.017137,0.084]]}

{"last_update_id":2863692081,"time_stamp":1667556242304,"bids":[[0.017112,4.869],[0.017111,1.882],[0.01711,0.171],[0.017109,2.376],[0.017108,5.171],[0.017107,0.413],[0.017106,4.46],[0.017105,13.699],[0.017104,0.171],[0.017103,1.06],[0.017102,3.396],[0.017101,0.021],[0.0171,5.142],[0.017099,10.281],[0.017098,49.87],[0.017097,0.252],[0.017096,2.197],[0.017095,7.658],[0.017094,0.171],[0.017093,0.058],[0.017092,39.391],[0.017091,121.42],[0.01709,0.171],[0.017089,1.402]],"asks":[[0.017112,0.042],[0.017113,2.092],[0.017114,4.309],[0.017116,1.241],[0.017118,0.171],[0.017119,3.014],[0.01712,9.163],[0.017121,9.461],[0.017122,5.846],[0.017124,5.026],[0.017125,2.459],[0.017126,0.171],[0.017128,0.665],[0.01713,3.624],[0.017131,8.303],[0.017132,0.177],[0.017133,8.042],[0.017134,41.67],[0.017135,1.404],[0.017136,52.765],[0.017137,0.084]]}

{"last_update_id":2863692086,"time_stamp":1667556242405,"bids":[[0.017112,0.05],[0.017111,1.882],[0.01711,0.171],[0.017109,2.376],[0.017108,5.171],[0.017107,0.413],[0.017106,4.46],[0.017105,13.699],[0.017104,0.171],[0.017103,1.06],[0.017102,3.396],[0.017101,0.021],[0.0171,5.142],[0.017099,10.281],[0.017098,49.87],[0.017097,0.252],[0.017096,2.197],[0.017095,7.658],[0.017094,0.171],[0.017093,0.058],[0.017092,39.391],[0.017091,121.42],[0.01709,0.171],[0.017089,1.402]],"asks":[[0.017112,0.042],[0.017113,6.911],[0.017114,4.309],[0.017116,1.241],[0.017118,0.171],[0.017119,3.014],[0.01712,9.163],[0.017121,9.461],[0.017122,5.846],[0.017124,5.026],[0.017125,2.459],[0.017126,0.171],[0.017128,0.665],[0.01713,3.624],[0.017131,8.303],[0.017132,0.177],[0.017133,8.042],[0.017134,41.67],[0.017135,1.404],[0.017136,52.765],[0.017137,0.084]]}

{"last_update_id":2863692087,"time_stamp":1667556242504,"bids":[[0.017112,0.05],[0.017111,1.882],[0.01711,0.171],[0.017109,2.376],[0.017108,5.171],[0.017107,0.413],[0.017106,1.747],[0.017105,13.699],[0.017104,0.171],[0.017103,1.06],[0.017102,3.396],[0.017101,0.021],[0.0171,5.142],[0.017099,10.281],[0.017098,49.87],[0.017097,0.252],[0.017096,2.197],[0.017095,7.658],[0.017094,0.171],[0.017093,0.058],[0.017092,39.391],[0.017091,121.42],[0.01709,0.171],[0.017089,1.402]],"asks":[[0.017112,0.042],[0.017113,6.911],[0.017114,4.309],[0.017116,1.241],[0.017118,0.171],[0.017119,3.014],[0.01712,9.163],[0.017121,9.461],[0.017122,5.846],[0.017124,5.026],[0.017125,2.459],[0.017126,0.171],[0.017128,0.665],[0.01713,3.624],[0.017131,8.303],[0.017132,0.177],[0.017133,8.042],[0.017134,41.67],[0.017135,1.404],[0.017136,52.765],[0.017137,0.084]]}

{"last_update_id":2863692088,"time_stamp":1667556243164,"bids":[[0.017112,0.05],[0.017111,1.882],[0.01711,0.171],[0.017109,2.376],[0.017108,5.171],[0.017107,0.413],[0.017106,1.747],[0.017105,13.699],[0.017104,0.171],[0.017103,1.06],[0.017102,3.396],[0.017101,0.021],[0.0171,4.89],[0.017099,10.281],[0.017098,49.87],[0.017097,0.252],[0.017096,2.197],[0.017095,7.658],[0.017094,0.171],[0.017093,0.058],[0.017092,39.391],[0.017091,121.42],[0.01709,0.171],[0.017089,1.402]],"asks":[[0.017112,0.042],[0.017113,6.911],[0.017114,4.309],[0.017116,1.241],[0.017118,0.171],[0.017119,3.014],[0.01712,9.163],[0.017121,9.461],[0.017122,5.846],[0.017124,5.026],[0.017125,2.459],[0.017126,0.171],[0.017128,0.665],[0.01713,3.624],[0.017131,8.303],[0.017132,0.177],[0.017133,8.042],[0.017134,41.67],[0.017135,1.404],[0.017136,52.765],[0.017137,0.084]]}

{"last_update_id":2863692089,"time_stamp":1667556243265,"bids":[[0.017112,0.05],[0.017111,1.882],[0.01711,0.171],[0.017109,2.376],[0.017108,5.171],[0.017107,0.413],[0.017106,1.747],[0.017105,13.699],[0.017104,0.171],[0.017103,1.06],[0.017102,3.396],[0.017101,0.021],[0.0171,4.89],[0.017099,10.281],[0.017098,49.87],[0.017097,0.252],[0.017096,2.197],[0.017095,7.658],[0.017094,0.171],[0.017093,0.058],[0.017092,39.391],[0.017091,121.42],[0.01709,0.171],[0.017089,1.402]],"asks":[[0.017112,0.042],[0.017113,6.911],[0.017114,4.309],[0.017116,1.241],[0.017118,0.171],[0.017119,3.014],[0.01712,9.163],[0.017121,9.461],[0.017122,5.846],[0.017124,5.026],[0.017125,2.459],[0.017126,0.171],[0.017128,0.665],[0.01713,3.624],[0.017131,8.303],[0.017132,0.177],[0.017133,8.042],[0.017134,41.67],[0.017135,1.404],[0.017136,52.765],[0.017137,0.084]]}

{"last_update_id":2863692090,"time_stamp":1667556243577,"bids":[[0.017112,0.05],[0.017111,1.882],[0.01711,0.171],[0.017109,2.376],[0.017108,5.171],[0.017107,0.413],[0.017106,1.747],[0.017105,13.699],[0.017104,0.171],[0.017103,1.06],[0.017102,3.396],[0.017101,0.021],[0.0171,4.89],[0.017099,10.281],[0.017098,49.87],[0.017097,0.252],[0.017096,2.197],[0.017095,7.658],[0.017094,0.171],[0.017093,0.058],[0.017092,39.391],[0.017091,121.42],[0.01709,0.171],[0.017089,1.402]],"asks":[[0.017112,0.042],[0.017113,6.911],[0.017114,4.309],[0.017116,1.241],[0.017118,0.171],[0.017119,3.014],[0.01712,9.163],[0.017121,9.461],[0.017122,5.846],[0.017124,5.026],[0.017125,2.459],[0.017126,0.171],[0.017128,0.665],[0.01713,3.624],[0.017131,8.303],[0.017132,0.177],[0.017133,8.042],[0.017134,41.67],[0.017135,1.404],[0.017136,52.765],[0.017137,0.084]]}

{"last_update_id":2863692092,"time_stamp":1667556243677,"bids":[[0.017112,0.05],[0.017111,1.882],[0.01711,0.171],[0.017109,2.376],[0.017108,5.171],[0.017107,0.413],[0.017106,1.747],[0.017105,13.699],[0.017104,0.171],[0.017103,1.06],[0.017102,3.396],[0.017101,0.021],[0.0171,4.89],[0.017099,10.281],[0.017098,49.87],[0.017097,0.252],[0.017096,2.197],[0.017095,7.658],[0.017094,0.171],[0.017093,0.058],[0.017092,39.391],[0.017091,121.42],[0.01709,0.171],[0.017089,1.402]],"asks":[[0.017112,0.042],[0.017113,8.718],[0.017114,4.309],[0.017116,1.241],[0.017118,0.171],[0.017119,3.014],[0.01712,9.163],[0.017121,9.461],[0.017122,5.846],[0.017124,5.026],[0.017125,2.459],[0.017126,0.171],[0.017128,0.665],[0.01713,3.624],[0.017131,8.303],[0.017132,0.177],[0.017133,8.042],[0.017134,41.67],[0.017135,1.404],[0.017136,52.765],[0.017137,0.084]]}

{"last_update_id":2863692094,"time_stamp":1667556243777,"bids":[[0.017112,0.05],[0.017111,1.882],[0.01711,0.171],[0.017109,2.376],[0.017108,5.171],[0.017107,0.413],[0.017106,1.747],[0.017105,13.699],[0.017104,0.171],[0.017103,1.06],[0.017102,3.396],[0.017101,0.021],[0.0171,4.89],[0.017099,10.281],[0.017098,49.87],[0.017097,0.252],[0.017096,2.197],[0.017095,7.658],[0.017094,0.171],[0.017093,0.058],[0.017092,39.391],[0.017091,121.42],[0.01709,0.171],[0.017089,1.402]],"asks":[[0.017112,0.042],[0.017113,8.718],[0.017114,4.309],[0.017116,1.241],[0.017118,0.171],[0.017119,3.014],[0.01712,9.163],[0.017121,9.461],[0.017122,5.846],[0.017124,5.026],[0.017125,2.459],[0.017126,0.171],[0.017128,0.665],[0.01713,3.624],[0.017131,8.303],[0.017132,0.177],[0.017133,8.042],[0.017134,41.67],[0.017135,1.404],[0.017136,52.765],[0.017137,0.084]]}

{"last_update_id":2863692095,"time_stamp":1667556244226,"bids":[[0.017112,0.05],[0.017111,1.882],[0.01711,0.171],[0.017109,2.376],[0.017108,5.171],[0.017107,0.413],[0.017106,1.747],[0.017105,13.699],[0.017104,0.171],[0.017103,1.06],[0.017102,3.396],[0.017101,0.021],[0.0171,4.89],[0.017099,10.281],[0.017098,49.87],[0.017097,0.252],[0.017096,2.197],[0.017095,7.658],[0.017094,0.171],[0.017093,0.058],[0.017092,39.391],[0.017091,121.42],[0.01709,0.171],[0.017089,1.402]],"asks":[[0.017112,0.042],[0.017113,8.718],[0.017114,4.309],[0.017116,1.241],[0.017118,0.171],[0.017119,3.014],[0.01712,9.163],[0.017121,9.461],[0.017122,5.846],[0.017124,5.026],[0.017125,2.459],[0.017126,0.171],[0.017128,0.665],[0.01713,3.624],[0.017131,8.303],[0.017132,0.177],[0.017133,8.042],[0.017134,41.67],[0.017135,1.404],[0.017136,52.765],[0.017137,0.084]]}

{"last_update_id":2863692096,"time_stamp":1667556244568,"bids":[[0.017112,0.05],[0.017111,1.882],[0.01711,2.819],[0.017109,2.376],[0.017108,5.171],[0.017107,0.413],[0.017106,1.747],[0.017105,13.699],[0.017104,0.171],[0.017103,1.06],[0.017102,3.396],[0.017101,0.021],[0.0171,4.89],[0.017099,10.281],[0.017098,49.87],[0.017097,0.252],[0.017096,2.197],[0.017095,7.658],[0.017094,0.171],[0.017093,0.058],[0.017092,39.391],[0.017091,121.42],[0.01709,0.171],[0.017089,1.402]],"asks":[[0.017112,0.042],[0.017113,8.718],[0.017114,4.309],[0.017116,1.241],[0.017118,0.171],[0.017119,3.014],[0.01712,9.163],[0.017121,9.461],[0.017122,5.846],[0.017124,5.026],[0.017125,2.459],[0.017126,0.171],[0.017128,0.665],[0.01713,3.624],[0.017131,8.303],[0.017132,0.177],[0.017133,8.042],[0.017134,41.67],[0.017135,1.404],[0.017136,52.765],[0.017137,0.084]]}

{"last_update_id":2863692122,"time_stamp":1667556244668,"bids":[[0.017112,4.869],[0.017111,1.882],[0.01711,2.819],[0.017109,2.376],[0.017108,5.171],[0.017107,0.413],[0.017106,3.572],[0.017105,13.699],[0.017104,0.171],[0.017103,1.06],[0.017102,3.396],[0.017101,0.021],[0.0171,4.89],[0.017099,10.281],[0.017098,49.87],[0.017097,0.252],[0.017096,2.197],[0.017095,7.658],[0.017094,0.171],[0.017093,0.058],[0.017092,39.391],[0.017091,121.42],[0.01709,0.171],[0.017089,1.402]],"asks":[[0.017112,0.042],[0.017113,4.059],[0.017114,4.309],[0.017116,1.241],[0.017118,0.171],[0.017119,3.014],[0.01712,9.163],[0.017121,9.461],[0.017122,5.846],[0.017124,5.026],[0.017125,2.459],[0.017126,0.171],[0.017128,0.665],[0.01713,3.624],[0.017131,8.303],[0.017132,0.177],[0.017133,8.042],[0.017134,41.67],[0.017135,1.404],[0.017136,52.765],[0.017137,0.084]]}

{"last_update_id":2863692140,"time_stamp":1667556244767,"bids":[[0.017112,4.869],[0.017111,1.882],[0.01711,2.819],[0.017109,2.376],[0.017108,5.171],[0.017107,0.413],[0.017106,3.572],[0.017105,13.699],[0.017104,0.171],[0.017103,1.06],[0.017102,3.396],[0.017101,0.021],[0.0171,4.89],[0.017099,10.281],[0.017098,49.87],[0.017097,0.252],[0.017096,2.197],[0.017095,7.658],[0.017094,0.171],[0.017093,0.058],[0.017092,39.391],[0.017091,121.42],[0.01709,0.171],[0.017089,1.402]],"asks":[[0.017112,0.042],[0.017113,9.285],[0.017114,4.309],[0.017116,1.241],[0.017118,0.171],[0.017119,3.014],[0.01712,9.163],[0.017121,9.461],[0.017122,5.846],[0.017124,5.026],[0.017125,2.459],[0.017126,0.171],[0.017128,0.665],[0.01713,3.624],[0.017131,8.303],[0.017132,0.177],[0.017133,8.042],[0.017134,41.67],[0.017135,1.404],[0.017136,52.765],[0.017137,0.084]]}

{"last_update_id":2863692141,"time_stamp":1667556244869,"bids":[[0.017112,4.869],[0.017111,1.882],[0.01711,2.819],[0.017109,2.376],[0.017108,5.171],[0.017107,0.413],[0.017106,3.572],[0.017105,13.699],[0.017104,0.171],[0.017103,1.06],[0.017102,3.396],[0.017101,0.021],[0.0171,4.89],[0.017099,10.281],[0.017098,49.87],[0.017097,0.252],[0.017096,2.197],[0.017095,7.658],[0.017094,0.171],[0.017093,0.058],[0.017092,39.391],[0.017091,121.42],[0.01709,0.171],[0.017089,1.402]],"asks":[[0.017112,0.042],[0.017113,9.285],[0.017114,4.309],[0.017116,1.241],[0.017118,0.171],[0.017119,3.014],[0.01712,9.163],[0.017121,9.461],[0.017122,5.846],[0.017124,5.026],[0.017125,2.459],[0.017126,0.171],[0.017128,0.665],[0.01713,3.624],[0.017131,8.303],[0.017132,0.177],[0.017133,8.042],[0.017134,41.67],[0.017135,1.404],[0.017136,52.765],[0.017137,0.084]]}

{"last_update_id":2863692144,"time_stamp":1667556244968,"bids":[[0.017112,4.869],[0.017111,1.882],[0.01711,2.819],[0.017109,2.376],[0.017108,5.171],[0.017107,0.413],[0.017106,3.572],[0.017105,13.699],[0.017104,0.171],[0.017103,1.06],[0.017102,3.396],[0.017101,0.021],[0.0171,4.89],[0.017099,10.281],[0.017098,49.87],[0.017097,0.252],[0.017096,2.197],[0.017095,7.658],[0.017094,0.171],[0.017093,0.058],[0.017092,39.391],[0.017091,121.42],[0.01709,0.171],[0.017089,1.402]],"asks":[[0.017112,0.042],[0.017113,0.884],[0.017114,4.309],[0.017116,1.241],[0.017118,0.171],[0.017119,3.014],[0.01712,9.163],[0.017121,9.461],[0.017122,5.846],[0.017124,5.026],[0.017125,2.459],[0.017126,0.171],[0.017128,0.665],[0.01713,3.624],[0.017131,8.303],[0.017132,0.177],[0.017133,8.042],[0.017134,41.67],[0.017135,1.404],[0.017136,52.765],[0.017137,0.084]]}

{"last_update_id":2863692145,"time_stamp":1667556245068,"bids":[[0.017112,4.869],[0.017111,1.882],[0.01711,2.819],[0.017109,2.376],[0.017108,5.171],[0.017107,0.413],[0.017106,3.572],[0.017105,13.699],[0.017104,0.171],[0.017103,1.06],[0.017102,3.396],[0.017101,0.021],[0.0171,4.89],[0.017099,10.281],[0.017098,49.87],[0.017097,0.252],[0.017096,2.197],[0.017095,7.658],[0.017094,0.171],[0.017093,0.058],[0.017092,39.391],[0.017091,121.42],[0.01709,0.171],[0.017089,1.402]],"asks":[[0.017112,0.042],[0.017113,0.884],[0.017114,4.309],[0.017116,1.241],[0.017118,0.171],[0.017119,3.014],[0.01712,9.163],[0.017121,9.461],[0.017122,5.846],[0.017124,5.026],[0.017125,2.459],[0.017126,0.171],[0.017128,0.665],[0.01713,3.624],[0.017131,8.303],[0.017132,0.177],[0.017133,8.042],[0.017134,41.67],[0.017135,1.404],[0.017136,52.765],[0.017137,0.084]]}

{"last_update_id":2863692146,"time_stamp":1667556246113,"bids":[[0.017112,4.869],[0.017111,1.882],[0.01711,2.819],[0.017109,2.376],[0.017108,5.171],[0.017107,0.413],[0.017106,3.572],[0.017105,13.699],[0.017104,0.171],[0.017103,1.06],[0.017102,3.396],[0.017101,0.021],[0.0171,4.89],[0.017099,10.281],[0.017098,49.87],[0.017097,0.252],[0.017096,2.197],[0.017095,7.658],[0.017094,0.171],[0.017093,0.058],[0.017092,39.391],[0.017091,121.42],[0.01709,0.171],[0.017089,1.402]],"asks":[[0.017112,0.042],[0.017113,0.884],[0.017114,4.309],[0.017116,1.241],[0.017118,0.171],[0.017119,3.014],[0.01712,9.163],[0.017121,9.461],[0.017122,5.846],[0.017124,5.026],[0.017125,2.459],[0.017126,0.171],[0.017128,0.665],[0.01713,3.624],[0.017131,8.303],[0.017132,0.177],[0.017133,8.042],[0.017134,41.67],[0.017135,1.404],[0.017136,52.765],[0.017137,0.084]]}

